<collection xmlns="http://www.loc.gov/MARC21/slim"><record><leader>00842nam  2200277   450</leader><controlfield tag="001">983</controlfield><controlfield tag="003">http://montalegre.opacnet.com/OPAC/default.aspx?ContentAreaControl=ShowRegHoldings.ascx&amp;RegNo=16662</controlfield><datafield tag="010" ind1=" " ind2=" "><subfield code="a">972-23-1374-6</subfield></datafield><datafield tag="021" ind1=" " ind2=" "><subfield code="a">PT</subfield><subfield code="b">34059/90</subfield></datafield><datafield tag="095" ind1=" " ind2=" "><subfield code="a">PTBN00346473</subfield></datafield><datafield tag="100" ind1=" " ind2=" "><subfield code="a">20061013d1991    m  y0pory010305  ba</subfield></datafield><datafield tag="101" ind1="1" ind2=" "><subfield code="a">por</subfield><subfield code="c">eng</subfield></datafield><datafield tag="102" ind1=" " ind2=" "><subfield code="a">PT</subfield></datafield><datafield tag="105" ind1=" " ind2=" "><subfield code="a">y   z   000ay</subfield></datafield><datafield tag="106" ind1=" " ind2=" "><subfield code="a">r</subfield></datafield><datafield tag="200" ind1="1" ind2=" "><subfield code="a">Desespero</subfield><subfield code="f">Vladimir Nabokov</subfield><subfield code="g">trad. Manuela Madureira</subfield></datafield><datafield tag="205" ind1=" " ind2=" "><subfield code="a">1ª ed</subfield></datafield><datafield tag="210" ind1=" " ind2=" "><subfield code="a">Lisboa</subfield><subfield code="c">Presença</subfield><subfield code="d">1991</subfield></datafield><datafield tag="215" ind1=" " ind2=" "><subfield code="a">175 p.</subfield><subfield code="d">21 cm</subfield></datafield><datafield tag="225" ind1="2" ind2=" "><subfield code="a">Aura</subfield><subfield code="v">32</subfield></datafield><datafield tag="304" ind1=" " ind2=" "><subfield code="a">Tít. orig. : Despair</subfield></datafield><datafield tag="700" ind1=" " ind2="1"><subfield code="a">Nabokov</subfield><subfield code="b">Vladimir Vladimirovich</subfield><subfield code="f">1899-1977</subfield></datafield><datafield tag="702" ind1=" " ind2="1"><subfield code="a">Camotim</subfield><subfield code="b">Nitah</subfield><subfield code="f">1954-</subfield><subfield code="4">550</subfield></datafield><datafield tag="702" ind1=" " ind2="1"><subfield code="a">Madureira</subfield><subfield code="b">Manuela</subfield><subfield code="4">730</subfield></datafield><datafield tag="801" ind1=" " ind2="0"><subfield code="a">PT</subfield><subfield code="b">Biblioteca Municipal de Montalegre</subfield><subfield code="g">RPC</subfield></datafield><datafield tag="856" ind1=" " ind2=" "><subfield code="u">locateMedia.asp?cod=20060705095755&amp;ext=jpg</subfield><subfield code="z">CAPA</subfield></datafield><datafield tag="909" ind1="&#9;" ind2=" "><subfield code="a">1</subfield></datafield><datafield tag="966" ind1=" " ind2=" "><subfield code="a">0008909</subfield><subfield code="l">BMM</subfield><subfield code="s">SCG 821 NAB des 32</subfield></datafield></record></collection>